@article{huang2003dynamic,
  title={Dynamic structures in Escherichia coli: spontaneous formation of MinE rings and MinD polar zones},
  author={Huang, Kerwyn Casey and Meir, Yigal and Wingreen, Ned S},
  journal={Proceedings of the National Academy of Sciences},
  volume={100},
  number={22},
  pages={12724--12728},
  year={2003},
  publisher={National Acad Sciences}
}
